<?xml version="1.0" encoding="UTF-8"?><record xmlns="http://www.loc.gov/MARC21/slim" xmlns:cinclude="http://apache.org/cocoon/include/1.0" xmlns:zs="http://www.loc.gov/zing/srw/">
  <leader>00397cz  a2200121n  4500</leader>
  <controlfield tag="001">n  88018729 </controlfield>
  <controlfield tag="003">DLC</controlfield>
  <controlfield tag="005">19890321070411.1</controlfield>
  <controlfield tag="008">890111n| acannaab|          |n aaa |||  </controlfield>
  <datafield tag="010" ind1=" " ind2=" ">
    <subfield code="a">n  88018729 </subfield>
  </datafield>
  <datafield tag="040" ind1=" " ind2=" ">
    <subfield code="a">DLC</subfield>
    <subfield code="c">DLC</subfield>
  </datafield>
  <datafield tag="100" ind1="1" ind2="0">
    <subfield code="a">Fox, Reinhard Mario,</subfield>
    <subfield code="d">1951-</subfield>
  </datafield>
  <datafield tag="670" ind1=" " ind2=" ">
    <subfield code="a">His Personzentrierte QualitaĚten in der Partnerschaft, c1987:</subfield>
    <subfield code="b">t.p. (Reinhard Mario Fox) cover p. 4 (b. 1951; klinischer Psychologe)</subfield>
  </datafield>
</record>